<record><leader>00000cas a22000007a 4500</leader><controlfield tag="001">10214092</controlfield><controlfield tag="008">831213d18841888ksudr ne      0   a0eng d</controlfield><datafield ind1=" " ind2=" " tag="010"><subfield code="a">sn 83040832 </subfield></datafield><datafield ind1=" " ind2=" " tag="040"><subfield code="a">KSH</subfield><subfield code="b">eng</subfield><subfield code="c">KSH</subfield><subfield code="d">NPT</subfield><subfield code="d">OCLCQ</subfield></datafield><datafield ind1=" " ind2=" " tag="042"><subfield code="a">msc</subfield></datafield><datafield ind1=" " ind2=" " tag="043"><subfield code="a">n-us-ks</subfield></datafield><datafield ind1="0" ind2=" " tag="130"><subfield code="a">Concordia daily blade (Concordia, Kan. : 1884)</subfield></datafield><datafield ind1="1" ind2="4" tag="245"><subfield code="a">The Concordia daily blade.</subfield></datafield><datafield ind1=" " ind2=" " tag="260"><subfield code="a">Concordia, Kan. :</subfield><subfield code="b">[s.n.],</subfield><subfield code="c">1884-</subfield></datafield><datafield ind1=" " ind2=" " tag="300"><subfield code="a">v. :</subfield><subfield code="b">ill. (chiefly advertisements) ;</subfield><subfield code="c">50-60 cm.</subfield></datafield><datafield ind1=" " ind2=" " tag="310"><subfield code="a">Daily (except Sun.)</subfield></datafield><datafield ind1="0" ind2=" " tag="362"><subfield code="a">Vol. 1, no. 1 (Dec. 22, 1884)-</subfield></datafield><datafield ind1="1" ind2=" " tag="362"><subfield code="a">Ceased with Nov. 3, 1888 issue?</subfield></datafield><datafield ind1=" " ind2=" " tag="515"><subfield code="a">Suspended Feb. 14, 1885-Mar. 12, 1887.</subfield></datafield><datafield ind1=" " ind2=" " tag="752"><subfield code="a">United States</subfield><subfield code="b">Kansas</subfield><subfield code="c">Cloud</subfield><subfield code="d">Concordia.</subfield></datafield><datafield ind1="1" ind2=" " tag="029"><subfield code="a">AU@</subfield><subfield code="b">000025804820</subfield></datafield></record>